@book{Bell,
   author = {G.I. Bell and S. Glasstone},
   city = {Washington, DC},
   publisher = {US Atomic Energy Commission},
   title = {Nuclear {R}eactor {T}heory},
   year = {1970},
}
@book{Duderstadt,
   author = {J.J. Duderstadt and L.J. Hamilton},
   city = {New York},
   publisher = {John Wiley and Sons, Inc.},
   title = {Nuclear {R}eactor {A}nalysis},
   year = {1976},
}
@article{Tramm2017,
   author = {J.R. Tramm and K.S. Smith and B. Forget and A.R. Siegel},
   journal = {Journal of Computational Physics},
   keywords = {High performance computing,Method of characteristics,Neutron transport,Reactor simulation,Stochastic methods},
   month = {8},
   pages = {229-252},
   title = {The {R}andom {R}ay {M}ethod for neutral particle transport},
   volume = {342},
   year = {2017},
}